@inproceedings{pap2008,
	Author = {Apostolos N. Papadopoulos},
	Booktitle = {SAC'08 March 16-20},
	Title = {Trajectory Retrieval with Latent Semantic Analysis},
	Pages = {1089-1094}
	Year = {2008}}










    @article{DH2018,
	Author = {Sina Dabiri and Kevin Heaslip},
	Journal = {Transportation Research Part C},
	Pages = {360--371},
	Title = {Inferring transportation modes from GPS trajectories using a convolutional neural network},
	Volume = {86},
	Year = {2018}}
	
	@article{BCIJ2012,
	Author = {Adel Bolbol and Tao Cheng and Ioannis Tsapakis and James Haworth},
	Journal = {Computers, Environment and Urban Systems},
	Pages = {526--537},
	Title = {Inferring hybrid transportation modes from sparse GPS data using a moving window SVM classification},
	Volume = {36},
	Year = {2012}}
	
	
	@article{PGL2020,
	Author = {Francesco Delli Priscoli and Alessandro Giuseppi and Federico Lisi},
	Journal = {Sensors},
	Pages = {7228},
	Title = {Automatic Transportation Mode Recognition on Smartphone Data Based on Deep Neural Networks},
	Volume = {20},
	Year = {2020}}
	
	@article{XCZ2019,
	Author = {Guangnian Xiao and Qin Cheng and Chunqin Zhang},
	Journal = { IEEE Access},
	Pages = {116741 -- 116752},
	Title = {Detecting Travel Modes Using Rule-Based
Classification System and Gaussian
Process Classifier},
	Volume = {7},
	Year = {2019}}


	@article{LS2020,
	Author = {Meng Li and Shen Zhang},
	Journal = {International Conference on Transportation and Development 2020},
	Pages = {95 -- 103},
	Title = {Inferring Travel Modes from Trajectory Data Based on Hidden Markov Model},
	Volume = {7}, 
	Year = {2020}}
	
	













	








@inproceedings{Bri14,
	Author = {Karl Bringmann},
	Booktitle = {FOCS},
	Title = {Why walking the dog takes time: {F}rechet distance has no strongly subquadratic algorithms unless {SETH} fails},
	Year = {2014}}

@inproceedings{BCG11,
	Author = {Mark de Berg and Atlas F. {Cook IV} and Joachim Gudmundsson},
	Booktitle = {Symposium on Algorithms and Computation},
	Title = {Fast Frechet Queries},
	Year = {2011}}

@article{PhP2021,
	Author = {Jeff M. Phillips and Hasan Pourmahmoodaghababa},
	Journal = {arXiv:2007.15924v2},
	Pages = {1--19},
	Title = {Orientation-Preserving Vectorized Distance Between Curves},
	Volume = {00},
	Year = {2021}}

@article{ABKS14,
	Author = {Pankaj K. Agarwal and Rinat {Ben Avraham} and Haim Kaplan and Micha Sharir},
	Journal = {Siam Journal of Computing},
	Pages = {429--449},
	Title = {Computing the Discrete Frechet Distance in Subquadratic time},
	Volume = {43},
	Year = {2014}}


@inproceedings{BK15,
	Author = {Karl Bringmann and Marvin K\"unnemann},
	Booktitle = {FOCS},
	Title = {Quadratic Conditional Lower Bounds for String Problems and Dynamic Time Warping},
	Year = {2015}}


@inproceedings{DS17,
	Author = {Anne Driemel and Francesco Silvestri},
	Booktitle = {33rd International Symposium on Computational Geometry},
	Title = {Locality-Sensitive Hashing of Curves},
	Year = {2017}}

@article{DH13,
	Author = {Anne Driemel and Sariel Har-Peled},
	Journal = {Siam Journal of Computing},
	Pages = {1830--1866},
	Title = {Jaywalking Your Dog -- Computing the {F}r\"echet Distance with Shortcuts},
	Volume = {42},
	Year = {2013}}

@techreport{BDGHKL18,
	Author = {Kevin Buchin and Anne Driemel and Joachim Gudmundsson and Michael Horton and Irina Kostitsyna and Maarten Loffler},
	Institution = {arXiv:1805.01547},
	Title = {Approximating (k,l)-center clustering for curves},
	Year = {2018}}


@article{AG95,
	Author = {Helmut Alt and Michael Godau},
	Journal = {JCG Appl.},
	Pages = {75--91},
	Title = {Computing the Fr{\'{e}}chet distance between two polygonal curves},
	Volume = {5},
	Year = {1995}}

@article{AKW04,
	Author = {Helmut Alt and Christian Knauer and Carola Wenk},
	Journal = {Algorithmica},
	Title = {Comparison of Distance Measures for Planar Curves},
	Year = {2004}}


@inproceedings{edr,
	Author = {Chen, Lei and \"{O}zsu, M. Tamer and Oria, Vincent},
	Booktitle = {SIGMOD},
	Pages = {491--502},
	Title = {Robust and Fast Similarity Search for Moving Object Trajectories},
	Year = {2005}}


@inproceedings{pfoser00novel,
	Author = {D. Pfoser and C. S. Jensen and Y. Theodoridis},
	Booktitle = vldb,
	Pages = {395--406},
	Title = {Novel Approaches in Query Processing for Moving Object Trajectories},
	Year = {2000}}

@inproceedings{lcss,
	Author = {Michail Vlachos and Dimitrios Gunopulos and George Kollios},
	Booktitle = {ICDE},
	Title = {Discovering Similar Multidimensional Trajectories},
	Year = {2002}}


@inproceedings{PT19a,
	Author = {Jeff M. Phillips and Pingfan Tang},
	Booktitle = {ACM GIS SIGSPATIAL},
	Title = {Simple Distances for Trajectories via Landmarks},
	Year = {2019}}
	
@inproceedings{PT20,
    author = {Jeff M. Phillips and Pingfan Tang},
    booktitle = {International Symposium on Computational Geometry},
    title = {Sketched MinDist},
    year = {2020}}


@techreport{TEHM1994,
	Author = {Thomas Eiter and Heikki Mannila},
	Institution = {Christian Doppler Laboratory for Expert Systems},
	Title = {Computing Discrete {F}rechet Distance},
	Year = {1994}}

@inproceedings{DKS16,
	Author = {Anne Driemel and Amer Krivosija and Christian Sohler},
	Booktitle = {ACM-SIAM Symposium on Discrete Algorithms},
	Title = {Clustering time series under the {F}rechet distance},
	Year = {2016}}


@inproceedings{SLB2018,
	Author = {Zeyuan Shang and Guoliang Li and Zhifeng Bao},
	Booktitle = {SIGMOD},
	Title = {DITA: Distributed in-memory trajectory analytics},
	Year = {2018}}

@inproceedings{XLP2017,
	Author = {Dong Xie and Feifei Li and Jeff M. Phillips},
	Booktitle = {VLDB},
	Title = {Distributed trajectory similarity search},
	Year = {2017}}


@manual{geolife-gps-trajectory-dataset-user-guide,
	Author = {Zheng, Yu and Fu, Hao and Xie, Xing and Ma, Wei-Ying and Li, Quannan},
	Month = {July},
	Title = {Geolife GPS trajectory dataset - User Guide},
	Year = {2011}}


@manual{GTDS2016,
	Author = {Michael O. Cruz and Hendrik Macedo and R. Barreto and Adolfo Guimaraes},
	Month = {February},
	Title = {GPS Trajectories Data Set},
	Year = {2016}}


@techreport{CFLMRW14,
	Author = {Fr\'{e}d\'{e}ric Chazal and Brittany Terese Fasy and Fabrizio Lecci and Bertrand Michel and Alessandro Rinaldo and Larry Wasserman},
	Institution = {arXiv:1412.7197},
	Title = {Robust Topolical Inference: Distance-to-a-Measure and Kernel Distance},
	Year = {2014}}

@article{ChazalCohen-SteinerMerigot2011,
	Author = {Fr\'{e}d\'{e}ric Chazal and David Cohen-Steiner and Quentin M\'{e}rigot},
	Journal = {Foundations of Computational Mathematics},
	Number = {6},
	Pages = {733-751},
	Title = {Geometric Inference for Probability Measures},
	Volume = {11},
	Year = {2011}}

@article{CC12,
	Author = {Fr\'ed\'eric Chazal and David Cohen-Steiner},
	Journal = {Tessellations in the Sciences},
	Title = {Geometric Inference},
	Year = {2012}}


@article{CL05,
	Author = {Fr\'ed\'eric Chazal and Andre Lieutier},
	Journal = {Graphical Models},
	Pages = {304--331},
	Title = {The ``$\lambda$-medial axis''},
	Volume = {67},
	Year = {2005}}


@inproceedings{ACK01,
	Author = {Nina Amenta and Sunghee Choi and Ravi Krishna Kolluri},
	Booktitle = {Proceedings of the sixth ACM symposium on Solid modeling and applications},
	Title = {The power Crust},
	Year = {2001}}


@misc{FALCONN,
	Author = {Razenshteyn, Ilya and Schmidt, Ludwig},
	Howpublished = {\url{https://falconn-lib.org}},
	Title = {FALCONN-FAst Lookups of Cosine and Other Nearest Neighbors},
	Year = {2018}}

@techreport{KGraph,
	Author = {Ann Arbor Algorithms},
	Institution = {\url{https://github.com/aaalgo/kgraph}},
	Title = {K-Graph},
	Year = {2018}}



@inproceedings{Art3,
	Author = {Jeffrey Pennington and Richard Socher and Christopher D. Manning},
	Booktitle = {EMNLP},
	Title = {GloVe: Global Vectors for Word Representation},
	Year = {2014}}


@inproceedings{Mik1,
	Author = {Tomas Mikolov and Ilya Sutskever and Kai Chen and Greg Corrado and Jeffrey Dean},
	Booktitle = {NeurIPS},
	Title = {Distributed Representations of Words and Phrases and their Compositionality},
	Year = {2013}}

@techreport{DPS19,
    author = {Anne Driemel and Ioannis Psarros and Melanie Schmidt},
    title = {Sublinear data structures for short Frechet queries},
    institution = {ArXiv:1907.04420},
    year = {2019}}
    
@inproceedings{FFK20,
    author = {Arnold Filtser and Omrit Filtser and Matthew J. Katz},
    title = {Approximate Nearest Neighbor for Curves --- Simple, Efficient, and Deterministic},
    booktitle = {ICALP},
    year = {2020}}
    

@article{Rot94,
	Author = {G. Rote},
	Journal = {Math. Proc. Cambridge Philos. Soc.},
	Pages = {1--12},
	Title = {Curves with increasing chords},
	Volume = {115},
	Year = {1994}}
	
	
@article{AAIKLR01,
	Author = {O. Aichholzer, F. Aurenhammer, C. Icking, R. Klein, E. Langetepe, and G. Rote},
	Journal = {Discrete Appl. Math.},
	Pages = {3--24},
	Title = {Generalized self- approaching curves},
	Volume = {109},
	Year = {2001}}

@article{SVY14,
    author = {M.I. Schlesinger and E.V. Vodolazskiy and V.M. Yakovenko},
    title = {Similarity of closed polygonal curves in {F}rechet metric},
    journal = {International Journal of Computational Geometry \& Applications},
    year = {2018},
    volume = {11},
    number = {6}}
    
@article{LC87,
    author = {William E. Lorensen and Harvey E. Cline},
    title = {Marching cubes: A high resolution 3D surface construction algorithm},
    journal = {ACM SIGGRAPH Computer Graphics},
    year = {1987},
    volume = {21},
    pages = {163-169}}
    
@article{lee1982medial,
  title={Medial axis transformation of a planar shape},
  author={Lee, Der-Tsai},
  journal={IEEE Transactions on pattern analysis and machine intelligence},
  number={4},
  pages={363--369},
  year={1982}
}

@article{amenta2001power,
  title={The power crust, unions of balls, and the medial axis transform},
  author={Amenta, Nina and Choi, Sunghee and Kolluri, Ravi Krishna},
  journal={Computational Geometry},
  volume={19},
  number={2-3},
  pages={127--153},
  year={2001}
}

@article{amenta1999surface,
  title={Surface reconstruction by Voronoi filtering},
  author={Amenta, Nina and Bern, Marshall},
  journal={Discrete \& Computational Geometry},
  volume={22},
  number={4},
  pages={481--504},
  year={1999}
}

@book{hatcher2005algebraic,
  title={Algebraic topology},
  author={Hatcher, Allen},
  year={2005},
  publisher={Cambridge University Press}
}

@book{cheng2012delaunay,
  title={Delaunay mesh generation},
  author={Cheng, Siu-Wing and Dey, Tamal K and Shewchuk, Jonathan},
  year={2012},
  publisher={CRC Press}
}

@inproceedings{buchin2019klcluster,
  title={klcluster: Center-based Clustering of Trajectories},
  author={Buchin, Kevin and Driemel, Anne and van de L'Isle, Natasja and Nusser, Andr{\'e}},
  booktitle={Proceedings of the 27th ACM SIGSPATIAL International Conference on Advances in Geographic Information Systems},
  pages={496--499},
  year={2019}
}

@inproceedings{bringmann2019walking,
  title={Walking the Dog Fast in Practice: Algorithm Engineering of the Frechet Distance},
  author={Bringmann, Karl and K{\"u}nnemann, Marvin and Nusser, Andr{\'e}},
  booktitle={International Symposium on Computational Geometry},
  year={2019}
}

@inproceedings{backurs2015edit,
  title={Edit distance cannot be computed in strongly subquadratic time (unless SETH is false)},
  author={Backurs, Arturs and Indyk, Piotr},
  booktitle={Proceedings of the forty-seventh annual ACM symposium on Theory of computing},
  pages={51--58},
  year={2015}
}


@article{werner2018acm,
  title={ACM SIGSPATIAL GIS Cup 2017: Range queries under Fr{\'e}chet distance},
  author={Werner, Martin and Oliver, Dev},
  journal={SIGSPATIAL Special},
  volume={10},
  number={1},
  pages={24--27},
  year={2018},
  publisher={ACM New York, NY, USA}
}

@inproceedings{baldus2017fast,
  title={A fast implementation of near neighbors queries for Fr{\'e}chet distance (GIS Cup)},
  author={Baldus, Julian and Bringmann, Karl},
  booktitle={Proceedings of the 25th ACM SIGSPATIAL International Conference on Advances in Geographic Information Systems},
  year={2017}
}

@inproceedings{buchin2017efficient,
  title={Efficient trajectory queries under the Fr{\'e}chet distance (GIS Cup)},
  author={Buchin, Kevin and Diez, Yago and van Diggelen, Tom and Meulemans, Wouter},
  booktitle={Proceedings of the 25th ACM SIGSPATIAL International Conference on Advances in Geographic Information Systems},
  year={2017}
}

@inproceedings{dutsch2017filter,
  title={A filter-and-refinement-algorithm for range queries based on the Fr{\'e}chet distance (GIS Cup)},
  author={D{\"u}tsch, Fabian and Vahrenhold, Jan},
  booktitle={Proceedings of the 25th ACM SIGSPATIAL International Conference on Advances in Geographic Information Systems},
  pages={1--4},
  year={2017}
}

@article{driemel2012approximating,
  title={Approximating the Fr{\'e}chet distance for realistic curves in near linear time},
  author={Driemel, Anne and Har-Peled, Sariel and Wenk, Carola},
  journal={Discrete \& Computational Geometry},
  volume={48},
  number={1},
  pages={94--127},
  year={2012},
  publisher={Springer}
}


@article{lemire2009faster,
  title={Faster retrieval with a two-pass dynamic-time-warping lower bound},
  author={Lemire, Daniel},
  journal={Pattern recognition},
  volume={42},
  number={9},
  pages={2169--2180},
  year={2009},
  publisher={Elsevier}
}

@inproceedings{williams2007primitive,
  title={A Primitive Based Generative Model to Infer Timing Information in Unpartitioned Handwriting Data.},
  author={Williams, Ben H and Toussaint, Marc and Storkey, Amos J},
  booktitle={IJCAI},
  pages={1119--1124},
  year={2007}
}

@inproceedings{imagenet,
  title={Imagenet classification with deep convolutional neural networks},
  author={Krizhevsky, Alex and Sutskever, Ilya and Hinton, Geoffrey E},
  booktitle={Advances in neural information processing systems},
  pages={1097--1105},
  year={2012}
}

@inproceedings{indyk1998approximate,
  title={On approximate nearest neighbors in non-Euclidean spaces},
  author={Indyk, Piotr},
  booktitle={Proceedings 39th Annual Symposium on Foundations of Computer Science (Cat. No. 98CB36280)},
  pages={148--155},
  year={1998},
  organization={IEEE}
}



@article{buchin2017four,
  title={Four soviets walk the dog: Improved bounds for computing the Fr{\'e}chet distance},
  author={Buchin, Kevin and Buchin, Maike and Meulemans, Wouter and Mulzer, Wolfgang},
  journal={Discrete \& Computational Geometry},
  volume={58},
  number={1},
  pages={180--216},
  year={2017},
  publisher={Springer}
}